% https://www.overleaf.com/learn/latex/Bibliography_management_in_LaTeX

@online{isa2,
    title = "ISAÂ² Home page",
    url  = "https://ec.europa.eu/isa2/home_en/",
    keywords = "europe, ISA"
}

@online{semic,
    title = "SEMIC joinup page",
    url  = "https://joinup.ec.europa.eu/collection/semic-support-centre",
    keywords = "semic"
}

@online{semic-github,
    title = "SEMIC github page",
    url  = "https://github.com/SEMICeu",
    keywords = "semic, github"
}

@online{isa-core-vocabularies,
    title = "ISA core vocabularies",
    url  = "https://ec.europa.eu/isa2/solutions/core-vocabularies_en/",
    keywords = "isa, vocabulary"
}


@online{PARK,
    title = "Park",
    url = "https://schema.gov.it/lode/extract?url=https://w3id.org/italia/onto/PARK",
    keywords = "ontology"
}

@online{AccessCondition,
    title = "Condizioni d'accesso - AC-AP\_IT",
    url = "https://w3id.org/italia/onto/AccessCondition",
    keywords = "ontology, Italy"
}

@online{POI,
    title = "Points of Interest - POI-AP\_IT",
    url = "https://w3id.org/italia/onto/POI",
    keywords = "ontology, Italy"
}

@online{POT,
    title = "Prices/Offers and Tickets - POT-AP\_IT",
    url = "https://w3id.org/italia/onto/POT",
    keywords = "ontology, Italy"
}

@online{SM,
    title = "Internet e Social Media - SM-AP\_IT",
    url = "https://w3id.org/italia/onto/SM",
    keywords = "ontology, Italy"
}

@online{TI,
    title = "Time - TI-AP\_IT",
    url = "https://w3id.org/italia/onto/TI",
    keywords = "ontology, Italy"
}

@online{L0,
    title = "Level0 - L0-AP\_IT",
    url = "https://w3id.org/italia/onto/l0",
    keywords = "ontology, Italy"
}


@online{OWL,
title = "Ontology Web Language",
url = "https://www.w3.org/OWL/",
keywords = "ontology"
}

@online{ADMS-AP_IT,
title = "ADMS-AP\_IT",
url = "https://schema.gov.it/lode/extract?url=https://w3id.org/italia/onto/ADMS",
keywords = "ontology, Italy"
}

@online{DCAT-AP_IT,
title = "DCAT-AP\_IT",
url = "https://schema.gov.it/lode/extract?url=https://w3id.org/italia/onto/DCAT",
keywords = "ontology, Italy"
}

@online{CPV,
title = "CPV",
url = "https://schema.gov.it/lode/extract?url=https://w3id.org/italia/onto/CPV",
keywords = "ontology, Italy"
}

@online{COV,
title = "COV",
url = "https://schema.gov.it/lode/extract?url=https://w3id.org/italia/onto/COV",
keywords = "ontology, Italy"
}

@online{CLV,
title = "CLV",
url = "https://schema.gov.it/lode/extract?url=https://w3id.org/italia/onto/CLV",
keywords = "ontology, Italy"
}

@online{EDP,
title = "European Data Portal",
url = "https://data.europa.eu/en",
keywords = "data portal"
}

@online{DCAT,
title = "DCAT",
url = "https://w3id.org/italia/onto/DCAT",
keywords = "ontology"
}